
@misc{YOLO_OG,
 author = {Joseph Redmon and Santosh Divvala and Ross Girshick and Ali Farhadi},
 title = {You Only Look Once: Unified, Real-Time Object Detection},
 note = {Supplied as additional material {\tt https://arxiv.org/pdf/1506.02640.pdf}},
 year = 2016
}

@misc{CompReview,
 author = {Juan R. Treven and Diana M. Cordova-Esparaza},
 title = {A COMPREHENSIVE REVIEW OF YOLO: FROM YOLOV1 TO YOLOV8 AND BEYOND},
 note = {Supplied as additional material {\tt https://arxiv.org/pdf/2304.00501.pdf}},
 year = 2023
}

@article{Darknet,
author = {Alexey Bochkovskiy and Chien-Yao Wang and Hong-Yuan Mark Liao},
title = {YOLOv4: Optimal Speed and Accuracy of Object Detection},
note = {Supplied as additional material {\tt https://arxiv.org/pdf/2004.10934v1.pdf}},
year = 2020
}
@misc{YOLOv8Website,   
    title = {What is YOLOv8? The Ultimate Guide.},   
    url = {https://blog.roboflow.com/whats-new-in-yolov8/},   
    author = {Jacob Solawetz and Francesco},   
    year = {2023},   
    note = {04-30-2023} 
}
@misc{MosaicAug,   
    title = {Advanced Augmentations in Roboflow},   
    url = {https://blog.roboflow.com/advanced-augmentations/},
    author = {Brad Dwyer},   
    year = {2020},   
    note = {04-30-2023} 
}
@article{Yolov5Arch,
author = {Xu, Renjie and Lin, Haifeng and Lu, Kangjie and Cao, Lin and Liu, Yunfei},
year = {2021},
month = {02},
pages = {217},
title = {A Forest Fire Detection System Based on Ensemble Learning},
volume = {12},
journal = {Forests},
doi = {10.3390/f12020217}
}

@article{Yolov1,
  author={Redmon, Joseph and Divvala, Santosh and Girshick, Ross and Farhadi, Ali},
  booktitle={2016 IEEE Conference on Computer Vision and Pattern Recognition (CVPR)}, 
  title={You Only Look Once: Unified, Real-Time Object Detection}, 
  year={2016},
  volume={},
  number={},
  pages={3},
  doi={10.1109/CVPR.2016.91}}

@article{mAP,
  author={Hui, Jonathan},
  booktitle={}, 
  title={mAP (mean Average Precision) for Object Detection}, 
  url={https://jonathan-hui.medium.com/map-mean-average-precision-for-object-detection-45c121a31173},
  year={2018},
  volume={},
  number={},
  pages={},
  doi={}
  }

@article{cspNET,
author = {Wang, Chien-Yao and Liao, Hong-yuan and Wu, Yuen-Hua and Chen, Ping-Yang and Hsieh, Jun-Wei and Yeh, I-Hau},
year = {2020},
month = {06},
pages = {1571-1580},
title = {CSPNet: A New Backbone that can Enhance Learning Capability of CNN},
doi = {10.1109/CVPRW50498.2020.00203}
}

@article{darkNet,
author = {Redmon, Joseph and Farhadi, Ali},
year = {2018},
month = {04},
pages = {2},
title = {YOLOv3: An Incremental Improvement}
}

@article{SPP,
author = {He, Kaiming and Zhang, Xiangyu and Ren, Shaoqing and Sun, Jian},
year = {2014},
month = {06},
pages = {},
title = {Spatial Pyramid Pooling in Deep Convolutional Networks for Visual Recognition},
volume = {37},
isbn = {978-3-319-10577-2},
journal = {IEEE Transactions on Pattern Analysis and Machine Intelligence},
doi = {10.1109/TPAMI.2015.2389824}
}

@article{PAN,
author = {Liu, Shu and Qi, Lu and Qin, Haifang and Shi, Jianping and Jia, Jiaya},
year = {2018},
month = {03},
pages = {},
title = {Path Aggregation Network for Instance Segmentation}
}

@article{NMS,
author = {Hosang, Jan and Benenson, Rodrigo and Schiele, Bernt},
year = {2017},
month = {05},
pages = {2},
title = {Learning non-maximum suppression}
}